<record><leader>00000cas a22000007a 4500</leader><controlfield tag="001">20880994</controlfield><controlfield tag="008">900112d18981924mouwr ne      0   a0eng d</controlfield><datafield ind1=" " ind2=" " tag="010"><subfield code="a">sn 90061052 </subfield></datafield><datafield ind1=" " ind2=" " tag="040"><subfield code="a">MQN</subfield><subfield code="b">eng</subfield><subfield code="c">MQN</subfield><subfield code="d">OCLCQ</subfield><subfield code="d">MXM</subfield><subfield code="d">DLC</subfield><subfield code="d">MXM</subfield><subfield code="d">OCLCQ</subfield><subfield code="d">OCLCF</subfield><subfield code="d">OCLCO</subfield></datafield><datafield ind1="1" ind2=" " tag="022"><subfield code="a">2151-5336</subfield><subfield code="l">2151-5336</subfield><subfield code="2">1</subfield></datafield><datafield ind1=" " ind2=" " tag="042"><subfield code="a">msc</subfield><subfield code="a">nsdp</subfield></datafield><datafield ind1=" " ind2=" " tag="043"><subfield code="a">n-us-mo</subfield></datafield><datafield ind1="0" ind2="0" tag="050"><subfield code="a">Newspaper</subfield></datafield><datafield ind1="0" ind2=" " tag="130"><subfield code="a">Jasper news (Jasper, Mo.)</subfield></datafield><datafield ind1=" " ind2="4" tag="222"><subfield code="a">The Jasper news</subfield><subfield code="b">(Jasper, Mo.)</subfield></datafield><datafield ind1="1" ind2="4" tag="245"><subfield code="a">The Jasper news.</subfield></datafield><datafield ind1=" " ind2=" " tag="260"><subfield code="a">Jasper, Mo. :</subfield><subfield code="b">Lynn Monroe,</subfield><subfield code="c">1898-1924.</subfield></datafield><datafield ind1=" " ind2=" " tag="300"><subfield code="a">v.</subfield></datafield><datafield ind1=" " ind2=" " tag="310"><subfield code="a">Weekly</subfield></datafield><datafield ind1="1" ind2=" " tag="362"><subfield code="a">Began in 1898.</subfield></datafield><datafield ind1="0" ind2=" " tag="362"><subfield code="a">-27th year, no. 15 (Nov. 27, 1924).</subfield></datafield><datafield ind1=" " ind2=" " tag="530"><subfield code="a">Archived issues are available in digital format as part of the Library of Congress Chronicling America online collection.</subfield></datafield><datafield ind1=" " ind2=" " tag="588"><subfield code="a">Description based on: Vol. 3, no. 46 (July 26, 1901).</subfield></datafield><datafield ind1=" " ind2="0" tag="651"><subfield code="a">Jasper (Mo.)</subfield><subfield code="v">Newspapers.</subfield></datafield><datafield ind1=" " ind2="0" tag="651"><subfield code="a">Jasper County (Mo.)</subfield><subfield code="v">Newspapers.</subfield></datafield><datafield ind1=" " ind2="7" tag="655"><subfield code="a">Newspapers.</subfield><subfield code="2">fast</subfield><subfield code="0">(OCoLC)fst01423814</subfield></datafield><datafield ind1=" " ind2="7" tag="651"><subfield code="a">Missouri</subfield><subfield code="z">Jasper.</subfield><subfield code="2">fast</subfield><subfield code="0">(OCoLC)fst01886500</subfield></datafield><datafield ind1=" " ind2="7" tag="651"><subfield code="a">Missouri</subfield><subfield code="z">Jasper County.</subfield><subfield code="2">fast</subfield><subfield code="0">(OCoLC)fst01207952</subfield></datafield><datafield ind1=" " ind2=" " tag="752"><subfield code="a">United States</subfield><subfield code="b">Missouri</subfield><subfield code="c">Jasper</subfield><subfield code="d">Jasper.</subfield></datafield><datafield ind1="0" ind2="0" tag="785"><subfield code="t">Jasper County news (Jasper, Mo.)</subfield><subfield code="w">(DLC)sn 90061051</subfield><subfield code="w">(OCoLC)20880987</subfield></datafield><datafield ind1="4" ind2="1" tag="856"><subfield code="u">http://www.loc.gov/chroniclingamerica/lccn/sn90061052/issues</subfield></datafield></record>